%% This BibTeX bibliography file was created using BibDesk.
%% http://bibdesk.sourceforge.net/


%% Created for Patrick Ling at 2015-02-27 15:00:02 -0800 


%% Saved with string encoding Unicode (UTF-8) 

@inproceedings{jigsaw,
	Author = {Yu-Chung Cheng and John Bellardo and et.al},
	Date-Added = {2015-02-27 22:58:04 +0000},
	Date-Modified = {2015-02-27 22:59:26 +0000},
	Month = {September},
	Organization = {ACM Sigcomm},
	Title = {Jigsaw: Solving the Puzzle of Enterprise 802.11 Analysis},
	Year = {2006}}

@inproceedings{zigzag,
	Author = {Shyamnath Gollakota and Dina Katabi},
	Date-Added = {2015-02-27 22:47:08 +0000},
	Date-Modified = {2015-02-27 22:54:54 +0000},
	Month = {August},
	Organization = {ACM Sigcomm},
	Pages = {159-170},
	Title = {ZigZag Decoding: Combating Hidden Terminals in Wireless Networks},
	Year = {2008}}

@inproceedings{anc,
	Author = {Sachin Katti and Shyamnath Gollakota and Dina Katabi},
	Month = {August},
	Organization = {ACM Sigcomm},
	Title = {Embracing Wireless Interference: Analog Network Coding},
	Year = {2007}}

@inproceedings{softphy,
	Author = {Kyle Jamieson and Hari Balakrishnan},
	Month = {August},
	Organization = {ACM Sigcomm},
	Title = {PPR: Partial Packet Recovery for Wireless Networks},
	Year = {2007}}

@inproceedings{softphy,
	Author = {Sachin Katti and Shyamnath Gollakota and Dina Katabi},
	Month = {August},
	Organization = {ACM Sigcomm},
	Title = {Embracing Wireless Interference: Analog Network Coding},
	Year = {2007}}

@inproceedings{chaseIR,
	Author = {P Frenger and S Parkvall and E Dahlman},
	Organization = {IEEE},
	Title = {Performance Comparison of HARQ with Chase Combining and Incremental Redundancy for HSDPA},
	Year = {2001}}

@article{hybridARQ,
	Author = {R Comroe and D J Costello},
	Organization = {IEEE},
	Title = {ARQ schemes for data transmission in mobile radio systems},
	Year = {1984}}

@article{80211_spec,
	Author = {IEEE},
	Date-Added = {2015-02-27 22:38:32 +0000},
	Date-Modified = {2015-02-27 22:40:29 +0000},
	Title = {Part 11: Wireless LAN Medium Access Control (MAC) and Physical Layer (PHY) Specifications},
	Year = {2012}}

@misc{usrp,
	Author = {{Ettus Research LLC}},
	Howpublished = {\url{http://www.ettus.com/}},
	Title = {{Universal Software Radio Peripheral (USRP)}}}

@misc{cisco,
	Author = {{Julie Bort}},
	Howpublished = {\url{http://www.businessinsider.com/cisco-predicts-mobile-2013-5}},
	Title = {{By 2017, We'll Each Have 5 Internet Devices (And More Predictions From Cisco)}}

@book{proakis,
	Author = {John G. Proakis and Masoud Salehi},
	Publisher = {McGraw-Hill},
	Title = {{Digital Communications}},
	Year = 2007}
	
@book{tse,
	Author = {David Tse and Pramod Viswanath},
	Publisher = {Cambridge University Press},
	Title = {{Fundamentals of Wireless Communications}},
	Year = 2005}

@inproceedings{softspeak:nsdi09,
	Author = {Patrick Verkaik and Yuvraj Agarwal and Rajesh Gupta and Alex C. Snoeren},
	Booktitle = {{Proceedings of USENIX NSDI}},
	Month = apr,
	Title = {{Softspeak: Making VoIP Play Well in Existing 802.11 Deployments}},
	Year = 2009}

@inproceedings{sora:nsdi09,
	Author = {Kun Tan and Jiansong Zhang and Haitao Wu and Fang Ji and He Liu and Yusheng Ye and Shen Wang and Yongguang Zhang and Wei Wang and Geoffrey M. Voelker},
	Booktitle = {{Proceedings of USENIX NSDI}},
	Month = apr,
	Title = {{Sora: High Performance Software Radio Using General Purpose Multi-core Processors}},
	Year = 2009}

@article{cole01,
	Author = {Robert G. Cole and J H Rosenbluth},
	Journal = {{SIGCOMM Computer Communications Review}},
	Number = 2,
	Pages = {9-24},
	Title = {{Voice over IP Performance Monitoring}},
	Volume = 31,
	Year = 2001}

@misc{uapsd,
	Title = {{Wireless Medium Access Control ({MAC}) and Physical Layer ({PHY}) Specifications amendment 8: Medium Access Control ({MAC}) Quality of Service Enhancements, {IEEE} 802.11e}},
	Year = 2005}
